<?xml version="1.0" encoding="UTF-8"?><collection xmlns="http://www.loc.gov/MARC21/slim"><record><leader>00377nam--2200133-i-4500</leader><controlfield tag="001">000032759</controlfield><controlfield tag="002">20161230</controlfield><controlfield tag="005">20161230201039</controlfield><controlfield tag="008">060222s1000------------r-----000-0-eng-d</controlfield><datafield ind1=" " ind2=" " tag="080"><subfield code="a">669.15:669.14</subfield></datafield><datafield ind1=" " ind2=" " tag="245"><subfield code="a">Modern steels. manufacture, inspection, tratment and uses</subfield></datafield><datafield ind1=" " ind2=" " tag="260"><subfield code="a">Cleveland, Ohio, Amrican Society For Metals, 1939, 374p</subfield></datafield><datafield ind1=" " ind2=" " tag="700"><subfield code="a">Thum, Ernest E</subfield></datafield><datafield ind1=" " ind2=" " tag="852"><subfield code="a">5137</subfield></datafield></record></collection>